<?xml version="1.0" encoding="UTF-8"?><collection xmlns="http://www.loc.gov/MARC21/slim"><record><leader>00339nam--2200121-i-4500</leader><controlfield tag="001">000036262</controlfield><controlfield tag="002">20161230</controlfield><controlfield tag="005">20161230201040</controlfield><controlfield tag="008">060222s1000------------r-----000-0-eng-d</controlfield><datafield ind1=" " ind2=" " tag="100"><subfield code="a">Noyes, H.P., Hafner, E.M., Yekutieli, G., Raz, B.J</subfield></datafield><datafield ind1=" " ind2=" " tag="245"><subfield code="a">High energy nuclear physics</subfield></datafield><datafield ind1=" " ind2=" " tag="260"><subfield code="a">New York, Interscience Publ., 1955, 198p</subfield></datafield><datafield ind1=" " ind2=" " tag="852"><subfield code="a">10640</subfield></datafield></record></collection>